@book{CWM,
	author = {Saunders Mac Lane},
	date-modified = {2021-09-22 21:05:59 -0400},
	publisher = {Springer-Verlag},
	title = {Categories for the Working Mathematician},
	year = {1978}}
